%%%%%%%%%%%%%%%%%%%%%%%%%%%%%%%%%%%%%%%%%%%%%%%%%%%%%%%%%%%%%%%%%%
%% Created by kosugitti at 2020-10-28
%% Saved with string encoding Unicode (UTF-8)
%% レコードは{}で区切っても""で区切っても良い
%% %ではじまるものはコメントアウト
%% 姓と名は間まで区切る(和英共通)
%% 人と人とは and で区切る(&不可)
%% 英文名はLast name, Middle name, First nameの順で入っていること
%%%%%%%%%%%%%%%%%%%%%%%%%%%%%%%%%%%%%%%%%%%%%%%%%%%%%%%%%%%%%%%%%%

@ARTICLE{Kunisato2012,
  title    = "Effects of depression on reward-based decision making and
              variability of action in probabilistic learning",
  author   = "Kunisato, Yoshihiko and Okamoto, Yasumasa and Ueda, Kazutaka and
              Onoda, Keiichi and Okada, Go and Yoshimura, Shinpei and Suzuki,
              Shin-Ichi and Samejima, Kazuyuki and Yamawaki, Shigeto and Kunisato, Yasuo
              and Samejima, Kusuo",
  journal  = "Journal of behavior therapy and experimental psychiatry",
  volume   =  43,
  number   =  4,
  pages    = "1088--1094",
  month    =  dec,
  year     =  2012,
  language = "en"
}

@ARTICLE{Machino2014,
  title    = "Possible involvement of rumination in gray matter abnormalities
              in persistent symptoms of major depression: an exploratory
              magnetic resonance imaging voxel-based morphometry study",
  author   = "Machino, Akihiko and Kunisato, Yoshihiko and Matsumoto, Tomoya
              and Yoshimura, Shinpei and Ueda, Kazutaka and Yamawaki, Yosuke
              and Okada, Go and Okamoto, Yasumasa and Yamawaki, Shigeto",
  journal  = "Journal of affective disorders",
  volume   =  168,
  pages    = "229--235",
  month    =  oct,
  year     =  2014,
  language = "en"
}

@article{kunisato2018,
author="国里,愛彦",
title="臨床心理学と認知モデリング",
journal="心理学評論",
ISSN="0386-1058",
publisher="心理学評論刊行会",
year="2018",
month="",
volume="61",
number="1",
pages="55-66",
URL="https://ci.nii.ac.jp/naid/130007678116/",
DOI="10.24602/sjpr.61.1_55",
}

@article{kunisato2019,
author="国里,愛彦 and 片平,健太郎 and 沖村,宰 and 山下,祐一",
title="うつに対する計算論的アプローチ:―強化学習モデルの観点から―",
journal="心理学評論",
ISSN="0386-1058",
publisher="心理学評論刊行会",
year="2019",
month="",
volume="62",
number="1",
pages="88-103",
URL="https://ci.nii.ac.jp/naid/130007749836/",
DOI="10.24602/sjpr.62.1_88",
}

@book{kunisato_book_2019,
  author    = "国里,愛彦 and 片平,健太郎 and 沖村,宰 and 山下,祐一",
  title     = "計算論的精神医学 : 情報処理過程から読み解く精神障害",
  publisher = "勁草書房",
  year      = "2019",
  URL       = "http://ci.nii.ac.jp/ncid/BB27595103"
}

@book{kunisato_book_2017,
  author    = "村井,潤一郎 and 橋本,貴充 and  杉澤,武俊 and 石井,秀宗 and 井関,龍太 and 国里,愛彦 and 山内,香奈 and 宇佐美,慧",
  title     = "心理学のためのサンプルサイズ設計入門",
  publisher = "講談社",
  year      = "2017",
  URL       = "http://ci.nii.ac.jp/ncid/BB23230532"
}

@book{Blechman1990,
 	Address = {New York},
 	Author = {Blechman,E A},
	genchoKANA ={ブレックマン,E. A. },
 	Jkanyaku = {濱,治世 and 松山,義則},
 	Jpublisher = {北大路書房},
 	Jtitle = {家族の感情心理学−−そのよいときも，わるいときも−−},
 	Jyear = {1998},
 	Publisher = {Lawrence Erlbaum Associates},
 	Title = {Emotions and family: For better or for worse},
 	Year = {1990}
}

@book{Lewin,
  Author = {Lewin,Kurt},
  year = {1951},
  Title = {Field theory in social science: Selected theoretical papers},
  Address = {New York},
  Publisher = {Harper \& Brothers},
  genchoKANA = {レヴィン・K},
  Jauthor = {猪俣,佐登留},
  Jyear = {1956},
  Jtitle = {社会科学における場の理論},
  Jpublisher = {誠信書房}
}

%% 雑誌名の主要語の頭文字は大文字表記

@article{ekman1965,
	Author = {Ekman, Paul},
	Journal = {Journal of Personality and Social Psychology},
	Pages = {726--735},
	Publisher = {American Psychological Association},
	Title = {Differential communication of affect by head and body cues},
	Volume = {2},
	Year = {1965}
}

@article{ekman1992,
	Author = {Ekman, Paul},
	Journal = {Cognition \& Emotion},
	Pages = {169--200},
	Publisher = {Taylor \& Francis},
	Title = {An argument for basic emotions},
	Volume = {6},
	Year = {1992}
}

@article{ekman1990,
	Author = {Ekman, Paul and Davidson, Richard J and Friesen, Wallace V},
	Journal = {Journal of Personality and Social Psychology},
	Pages = {342--353},
	Publisher = {US: American Psychological Association},
	Title = {The Duchenne smile: Emotional expression and brain physiology II},
	Volume = {58},
	Year = {1990}
}

%% 巻をとおしてページ数がふられている場合，号数は省略。

@article{ekman1969a,
	Author = {Ekman, Paul and Friesen, Wallace V},
	Journal = {Psychiatry},
	Pages = {88--106},
	Publisher = {Taylor \& Francis},
	Title = {Nonverbal leakage and clues to deception},
	Volume = {32},
	Year = {1969}
}

@article{ekman1969,
	Author = {Ekman, Paul and Friesen, Wallace V},
	Journal = {Semiotica},
	Volume = {1},
	Pages = {49--98},
	Publisher = {De Gruyter Mouton},
	Title = {The repertoire of nonverbal behavior: Categories, origins, usage, and coding},
	Year = {1969}
}

@book{ekman1978,
	Address = {Palo Alto, CA},
	Author = {Ekman, Paul and Friesen, WV},
	Publisher = {Consulting Psychologists Press},
	Title = {Facial action coding system: A technique for the measurement of facial movement},
	Year = {1978}
}

%%	公式ルールで編集者は名前の順序が入れ替わる。

@incollection{ekman1982,
	Author = {Ekman, Paul and Friesen,W.V. and Ellsworth,P},
	Booktitle = {Emotion in the human face},
	Editor = {P.Ekman},
	Address = {Cambridge},
	Edition = {2nd},
	Pages = {98--110},
	Publisher = {Cambridge University Press},
	Title = {Conceptual ambiguities},
	Year = {1982}
}

@incollection{角辻1978,
	Author = {角辻,豊},
	yomi = {Kadotsuji Yutaka},
	year = {1978},
	title = {情動の表出},
	Editor ={金子,仁郎 and 菱川,泰夫 and 志水,彰},
	Booktitle = {精神生理学IV情動の生理学},
	Pages = {196-209},
	Publisher ={金原出版}
}

@article{深谷2011,
  title={科学的概念の学習における自己説明プロンプトの効果ーーSBF 理論に基づく介入ーー},
  author={深谷,達史},
	yomi = {Fukaya Tatsushi},
  journal={認知科学},
  volume={18},
  pages={190--201},
  year={2011},
  publisher={日本認知科学会}
}

@article{深谷達史2011,
  title={学習内容の説明が文章表象とモニタリングに及ぼす影響},
  author={深谷,達史},
	yomi = {Fukaya Tatsushi},
  journal={心理学評論},
  volume={54},
  pages={179--196},
  year={2011},
  publisher={心理学評論刊行会}
}

@article{寺崎正治1992,
  title={多面的感情状態尺度の作成},
  author={寺崎,正治 and 岸本,陽一 and 古賀,愛人},
	yomi = {Terasaki Masaharu},
  journal={心理学研究},
  volume={62},
  pages={350--356},
  year={1992},
  publisher={公益社団法人 日本心理学会}
}

@article{小川時洋2000,
  title={一般感情尺度の作成},
  author={小川,時洋 and 門地,里絵 and 菊谷,麻美 and 鈴木,直人},
	yomi = {Ogawa Tokiyo},
  journal={心理学研究},
  volume={71},
  pages={241--246},
  year={2000},
  publisher={公益社団法人 日本心理学会}
}

@book{越智2013,
  title={ケースで学ぶ犯罪心理学},
  author={越智,啓太},
  yomi ={Ochi Keita},
  year={2013},
  publisher={北大路書房}
}

%% 著者が8名以上の場合は，第1～6まで表記し，
%% 第7著者から最終著者の一人前までは…で省略し，最終著者と表記

@article{坂野雄二1994,
  title={新しい気分調査票の開発とその信頼性・妥当性の検討},
  author={坂野,雄二 and 福井,知美 and 熊野,宏昭 and 堀江,はるみ and 川原,健資 and 山本,晴義 and 野村,忍 and 末松,弘行},
	yomi = {Sakano Yuji},
  journal={心身医学},
  volume={34},
  number={8},
  pages={629--636},
  year={1994},
  publisher={一般社団法人 日本心身医学会}
}

%% テスト用にミドルネームの入っているレコード

@book{lerner2015handbook,
  title={Handbook of child psychology and developmental science, cognitive processes},
  author={Lerner, M, Richard and Liben, S. Lynn and Mueller, Ulrich},
  year={2015},
  publisher={John Wiley \& Sons}
}